% Libri e documenti %

@book{nomeLibroAbbreviato,
	author = "Autore",
	title = "Titolo",
	edition = "num. edizione",
	year = "anno",
	publisher ="Editore",
	howpublished ="\url{http://www.indirizzo-pubblicazione-documento.it/}"
}

% Materiale vario (esempio slide e/o fonti web) %
@misc{titDocumento,
	author = "Autore",
	title = "Titolo",
	howpublished ="\url{http://www.indirizzo-pubblicazione-documento.it/}"
}