% Libri e documenti %

@book{som,
	author = "Ian Sommerville",
	title = "Ingegneria del software",
	edition = "8",
	year = "2007",
	publisher ="Addison-Wesley, Pearson Education",
	howpublished ="\url{http://iansommerville.com/software-engineering-book/}"
}

@book{swebok,
	author = "Alain Abran, James W. Moore, Pierre Bourque, Robert Dupuis",
	title = "SWEBOK: Guide to the software engineering Body of Knowledge",
	year = "2004",
	publisher ="IEEE Computer Society",
	howpublished ="\url{http://www.computer.org/portal/web/swebok/home/}"
}

% Materiale vario (esempio slide e/o fonti web) %

@misc{tullio,
	author = "Prof. Tullio Vardanega",
	title = "Materiale del corso di Ignegneria del Software 2014-2015 parte I",
	howpublished ="\url{http://www.math.unipd.it/~tullio/IS-1/2014/}"
}

@misc{cardin,
	author = "Prof. Riccardo Cardin",
	title = "Materiale del corso di Ignegneria del Software 2014-2015 parte II",
	howpublished ="\url{http://www.math.unipd.it/~rcardin/sweb.html/}"
}

@misc{capitolato,
	author = "Zucchetti Spa",
	title = "Capitolato d'Appalto Premi",
	howpublished ="\url{http://www.math.unipd.it/~tullio/IS-1/2014/Progetto/C4.pdf}"
}


